%YAML 1.1
%TAG !u! tag:unity3d.com,2011:
--- !u!1 &1643527576020592225
GameObject:
  m_ObjectHideFlags: 0
  m_CorrespondingSourceObject: {fileID: 0}
  m_PrefabInstance: {fileID: 0}
  m_PrefabAsset: {fileID: 0}
  serializedVersion: 6
  m_Component:
  - component: {fileID: 1643527576020592224}
  m_Layer: 0
  m_Name: SpawnPoints
  m_TagString: Untagged
  m_Icon: {fileID: 0}
  m_NavMeshLayer: 0
  m_StaticEditorFlags: 0
  m_IsActive: 1
--- !u!4 &1643527576020592224
Transform:
  m_ObjectHideFlags: 0
  m_CorrespondingSourceObject: {fileID: 0}
  m_PrefabInstance: {fileID: 0}
  m_PrefabAsset: {fileID: 0}
  m_GameObject: {fileID: 1643527576020592225}
  m_LocalRotation: {x: 0, y: 0, z: 0, w: 1}
  m_LocalPosition: {x: -3.7966614, y: -2.1000748, z: -206.11711}
  m_LocalScale: {x: 1, y: 1, z: 1}
  m_Children:
  - {fileID: 3150156897427583621}
  - {fileID: 3150156898574710664}
  - {fileID: 3150156898000125384}
  - {fileID: 5455106481820212468}
  - {fileID: 3150156897623672701}
  - {fileID: 3150156898846716467}
  m_Father: {fileID: 0}
  m_RootOrder: 0
  m_LocalEulerAnglesHint: {x: 0, y: 0, z: 0}
--- !u!1001 &1643527574576440446
PrefabInstance:
  m_ObjectHideFlags: 0
  serializedVersion: 2
  m_Modification:
    m_TransformParent: {fileID: 1643527576020592224}
    m_Modifications:
    - target: {fileID: 5211411905545021646, guid: 97106a43645510b4eb223c9b36bb201f,
        type: 3}
      propertyPath: m_Name
      value: SpawnPoint (3)
      objectReference: {fileID: 0}
    - target: {fileID: 5211411905545021646, guid: 97106a43645510b4eb223c9b36bb201f,
        type: 3}
      propertyPath: m_Icon
      value: 
      objectReference: {fileID: 5132851093641282708, guid: 0000000000000000d000000000000000,
        type: 0}
    - target: {fileID: 4429677936003176187, guid: 97106a43645510b4eb223c9b36bb201f,
        type: 3}
      propertyPath: m_LocalPosition.x
      value: 3.8866613
      objectReference: {fileID: 0}
    - target: {fileID: 4429677936003176187, guid: 97106a43645510b4eb223c9b36bb201f,
        type: 3}
      propertyPath: m_LocalPosition.y
      value: -5.7199254
      objectReference: {fileID: 0}
    - target: {fileID: 4429677936003176187, guid: 97106a43645510b4eb223c9b36bb201f,
        type: 3}
      propertyPath: m_LocalPosition.z
      value: 197.95851
      objectReference: {fileID: 0}
    - target: {fileID: 4429677936003176187, guid: 97106a43645510b4eb223c9b36bb201f,
        type: 3}
      propertyPath: m_LocalRotation.x
      value: -0
      objectReference: {fileID: 0}
    - target: {fileID: 4429677936003176187, guid: 97106a43645510b4eb223c9b36bb201f,
        type: 3}
      propertyPath: m_LocalRotation.y
      value: -0
      objectReference: {fileID: 0}
    - target: {fileID: 4429677936003176187, guid: 97106a43645510b4eb223c9b36bb201f,
        type: 3}
      propertyPath: m_LocalRotation.z
      value: -0
      objectReference: {fileID: 0}
    - target: {fileID: 4429677936003176187, guid: 97106a43645510b4eb223c9b36bb201f,
        type: 3}
      propertyPath: m_LocalRotation.w
      value: 1
      objectReference: {fileID: 0}
    - target: {fileID: 4429677936003176187, guid: 97106a43645510b4eb223c9b36bb201f,
        type: 3}
      propertyPath: m_RootOrder
      value: 0
      objectReference: {fileID: 0}
    - target: {fileID: 4429677936003176187, guid: 97106a43645510b4eb223c9b36bb201f,
        type: 3}
      propertyPath: m_LocalEulerAnglesHint.x
      value: 0
      objectReference: {fileID: 0}
    - target: {fileID: 4429677936003176187, guid: 97106a43645510b4eb223c9b36bb201f,
        type: 3}
      propertyPath: m_LocalEulerAnglesHint.y
      value: 0
      objectReference: {fileID: 0}
    - target: {fileID: 4429677936003176187, guid: 97106a43645510b4eb223c9b36bb201f,
        type: 3}
      propertyPath: m_LocalEulerAnglesHint.z
      value: 0
      objectReference: {fileID: 0}
    m_RemovedComponents: []
  m_SourcePrefab: {fileID: 100100000, guid: 97106a43645510b4eb223c9b36bb201f, type: 3}
--- !u!4 &3150156897427583621 stripped
Transform:
  m_CorrespondingSourceObject: {fileID: 4429677936003176187, guid: 97106a43645510b4eb223c9b36bb201f,
    type: 3}
  m_PrefabInstance: {fileID: 1643527574576440446}
  m_PrefabAsset: {fileID: 0}
--- !u!1001 &1643527574644707718
PrefabInstance:
  m_ObjectHideFlags: 0
  serializedVersion: 2
  m_Modification:
    m_TransformParent: {fileID: 1643527576020592224}
    m_Modifications:
    - target: {fileID: 5211411905545021646, guid: 97106a43645510b4eb223c9b36bb201f,
        type: 3}
      propertyPath: m_Name
      value: SpawnPoint (1)
      objectReference: {fileID: 0}
    - target: {fileID: 5211411905545021646, guid: 97106a43645510b4eb223c9b36bb201f,
        type: 3}
      propertyPath: m_Icon
      value: 
      objectReference: {fileID: 5132851093641282708, guid: 0000000000000000d000000000000000,
        type: 0}
    - target: {fileID: 4429677936003176187, guid: 97106a43645510b4eb223c9b36bb201f,
        type: 3}
      propertyPath: m_LocalPosition.x
      value: 18.02666
      objectReference: {fileID: 0}
    - target: {fileID: 4429677936003176187, guid: 97106a43645510b4eb223c9b36bb201f,
        type: 3}
      propertyPath: m_LocalPosition.y
      value: 7.2200747
      objectReference: {fileID: 0}
    - target: {fileID: 4429677936003176187, guid: 97106a43645510b4eb223c9b36bb201f,
        type: 3}
      propertyPath: m_LocalPosition.z
      value: 197.95851
      objectReference: {fileID: 0}
    - target: {fileID: 4429677936003176187, guid: 97106a43645510b4eb223c9b36bb201f,
        type: 3}
      propertyPath: m_LocalRotation.x
      value: -0
      objectReference: {fileID: 0}
    - target: {fileID: 4429677936003176187, guid: 97106a43645510b4eb223c9b36bb201f,
        type: 3}
      propertyPath: m_LocalRotation.y
      value: -0
      objectReference: {fileID: 0}
    - target: {fileID: 4429677936003176187, guid: 97106a43645510b4eb223c9b36bb201f,
        type: 3}
      propertyPath: m_LocalRotation.z
      value: -0
      objectReference: {fileID: 0}
    - target: {fileID: 4429677936003176187, guid: 97106a43645510b4eb223c9b36bb201f,
        type: 3}
      propertyPath: m_LocalRotation.w
      value: 1
      objectReference: {fileID: 0}
    - target: {fileID: 4429677936003176187, guid: 97106a43645510b4eb223c9b36bb201f,
        type: 3}
      propertyPath: m_RootOrder
      value: 4
      objectReference: {fileID: 0}
    - target: {fileID: 4429677936003176187, guid: 97106a43645510b4eb223c9b36bb201f,
        type: 3}
      propertyPath: m_LocalEulerAnglesHint.x
      value: 0
      objectReference: {fileID: 0}
    - target: {fileID: 4429677936003176187, guid: 97106a43645510b4eb223c9b36bb201f,
        type: 3}
      propertyPath: m_LocalEulerAnglesHint.y
      value: 0
      objectReference: {fileID: 0}
    - target: {fileID: 4429677936003176187, guid: 97106a43645510b4eb223c9b36bb201f,
        type: 3}
      propertyPath: m_LocalEulerAnglesHint.z
      value: 0
      objectReference: {fileID: 0}
    m_RemovedComponents: []
  m_SourcePrefab: {fileID: 100100000, guid: 97106a43645510b4eb223c9b36bb201f, type: 3}
--- !u!4 &3150156897623672701 stripped
Transform:
  m_CorrespondingSourceObject: {fileID: 4429677936003176187, guid: 97106a43645510b4eb223c9b36bb201f,
    type: 3}
  m_PrefabInstance: {fileID: 1643527574644707718}
  m_PrefabAsset: {fileID: 0}
--- !u!1001 &1643527575040027443
PrefabInstance:
  m_ObjectHideFlags: 0
  serializedVersion: 2
  m_Modification:
    m_TransformParent: {fileID: 1643527576020592224}
    m_Modifications:
    - target: {fileID: 5211411905545021646, guid: 97106a43645510b4eb223c9b36bb201f,
        type: 3}
      propertyPath: m_Name
      value: SpawnPoint (5)
      objectReference: {fileID: 0}
    - target: {fileID: 5211411905545021646, guid: 97106a43645510b4eb223c9b36bb201f,
        type: 3}
      propertyPath: m_Icon
      value: 
      objectReference: {fileID: 5132851093641282708, guid: 0000000000000000d000000000000000,
        type: 0}
    - target: {fileID: 4429677936003176187, guid: 97106a43645510b4eb223c9b36bb201f,
        type: 3}
      propertyPath: m_LocalPosition.x
      value: -11.983338
      objectReference: {fileID: 0}
    - target: {fileID: 4429677936003176187, guid: 97106a43645510b4eb223c9b36bb201f,
        type: 3}
      propertyPath: m_LocalPosition.y
      value: -0.7599251
      objectReference: {fileID: 0}
    - target: {fileID: 4429677936003176187, guid: 97106a43645510b4eb223c9b36bb201f,
        type: 3}
      propertyPath: m_LocalPosition.z
      value: 197.95851
      objectReference: {fileID: 0}
    - target: {fileID: 4429677936003176187, guid: 97106a43645510b4eb223c9b36bb201f,
        type: 3}
      propertyPath: m_LocalRotation.x
      value: -0
      objectReference: {fileID: 0}
    - target: {fileID: 4429677936003176187, guid: 97106a43645510b4eb223c9b36bb201f,
        type: 3}
      propertyPath: m_LocalRotation.y
      value: -0
      objectReference: {fileID: 0}
    - target: {fileID: 4429677936003176187, guid: 97106a43645510b4eb223c9b36bb201f,
        type: 3}
      propertyPath: m_LocalRotation.z
      value: -0
      objectReference: {fileID: 0}
    - target: {fileID: 4429677936003176187, guid: 97106a43645510b4eb223c9b36bb201f,
        type: 3}
      propertyPath: m_LocalRotation.w
      value: 1
      objectReference: {fileID: 0}
    - target: {fileID: 4429677936003176187, guid: 97106a43645510b4eb223c9b36bb201f,
        type: 3}
      propertyPath: m_RootOrder
      value: 2
      objectReference: {fileID: 0}
    - target: {fileID: 4429677936003176187, guid: 97106a43645510b4eb223c9b36bb201f,
        type: 3}
      propertyPath: m_LocalEulerAnglesHint.x
      value: 0
      objectReference: {fileID: 0}
    - target: {fileID: 4429677936003176187, guid: 97106a43645510b4eb223c9b36bb201f,
        type: 3}
      propertyPath: m_LocalEulerAnglesHint.y
      value: 0
      objectReference: {fileID: 0}
    - target: {fileID: 4429677936003176187, guid: 97106a43645510b4eb223c9b36bb201f,
        type: 3}
      propertyPath: m_LocalEulerAnglesHint.z
      value: 0
      objectReference: {fileID: 0}
    m_RemovedComponents: []
  m_SourcePrefab: {fileID: 100100000, guid: 97106a43645510b4eb223c9b36bb201f, type: 3}
--- !u!4 &3150156898000125384 stripped
Transform:
  m_CorrespondingSourceObject: {fileID: 4429677936003176187, guid: 97106a43645510b4eb223c9b36bb201f,
    type: 3}
  m_PrefabInstance: {fileID: 1643527575040027443}
  m_PrefabAsset: {fileID: 0}
--- !u!1001 &1643527575606157683
PrefabInstance:
  m_ObjectHideFlags: 0
  serializedVersion: 2
  m_Modification:
    m_TransformParent: {fileID: 1643527576020592224}
    m_Modifications:
    - target: {fileID: 5211411905545021646, guid: 97106a43645510b4eb223c9b36bb201f,
        type: 3}
      propertyPath: m_Name
      value: SpawnPoint (4)
      objectReference: {fileID: 0}
    - target: {fileID: 5211411905545021646, guid: 97106a43645510b4eb223c9b36bb201f,
        type: 3}
      propertyPath: m_Icon
      value: 
      objectReference: {fileID: 5132851093641282708, guid: 0000000000000000d000000000000000,
        type: 0}
    - target: {fileID: 4429677936003176187, guid: 97106a43645510b4eb223c9b36bb201f,
        type: 3}
      propertyPath: m_LocalPosition.x
      value: 18.946661
      objectReference: {fileID: 0}
    - target: {fileID: 4429677936003176187, guid: 97106a43645510b4eb223c9b36bb201f,
        type: 3}
      propertyPath: m_LocalPosition.y
      value: -0.64992523
      objectReference: {fileID: 0}
    - target: {fileID: 4429677936003176187, guid: 97106a43645510b4eb223c9b36bb201f,
        type: 3}
      propertyPath: m_LocalPosition.z
      value: 197.95851
      objectReference: {fileID: 0}
    - target: {fileID: 4429677936003176187, guid: 97106a43645510b4eb223c9b36bb201f,
        type: 3}
      propertyPath: m_LocalRotation.x
      value: -0
      objectReference: {fileID: 0}
    - target: {fileID: 4429677936003176187, guid: 97106a43645510b4eb223c9b36bb201f,
        type: 3}
      propertyPath: m_LocalRotation.y
      value: -0
      objectReference: {fileID: 0}
    - target: {fileID: 4429677936003176187, guid: 97106a43645510b4eb223c9b36bb201f,
        type: 3}
      propertyPath: m_LocalRotation.z
      value: -0
      objectReference: {fileID: 0}
    - target: {fileID: 4429677936003176187, guid: 97106a43645510b4eb223c9b36bb201f,
        type: 3}
      propertyPath: m_LocalRotation.w
      value: 1
      objectReference: {fileID: 0}
    - target: {fileID: 4429677936003176187, guid: 97106a43645510b4eb223c9b36bb201f,
        type: 3}
      propertyPath: m_RootOrder
      value: 1
      objectReference: {fileID: 0}
    - target: {fileID: 4429677936003176187, guid: 97106a43645510b4eb223c9b36bb201f,
        type: 3}
      propertyPath: m_LocalEulerAnglesHint.x
      value: 0
      objectReference: {fileID: 0}
    - target: {fileID: 4429677936003176187, guid: 97106a43645510b4eb223c9b36bb201f,
        type: 3}
      propertyPath: m_LocalEulerAnglesHint.y
      value: 0
      objectReference: {fileID: 0}
    - target: {fileID: 4429677936003176187, guid: 97106a43645510b4eb223c9b36bb201f,
        type: 3}
      propertyPath: m_LocalEulerAnglesHint.z
      value: 0
      objectReference: {fileID: 0}
    m_RemovedComponents: []
  m_SourcePrefab: {fileID: 100100000, guid: 97106a43645510b4eb223c9b36bb201f, type: 3}
--- !u!4 &3150156898574710664 stripped
Transform:
  m_CorrespondingSourceObject: {fileID: 4429677936003176187, guid: 97106a43645510b4eb223c9b36bb201f,
    type: 3}
  m_PrefabInstance: {fileID: 1643527575606157683}
  m_PrefabAsset: {fileID: 0}
--- !u!1001 &1643527575871153352
PrefabInstance:
  m_ObjectHideFlags: 0
  serializedVersion: 2
  m_Modification:
    m_TransformParent: {fileID: 1643527576020592224}
    m_Modifications:
    - target: {fileID: 5211411905545021646, guid: 97106a43645510b4eb223c9b36bb201f,
        type: 3}
      propertyPath: m_Name
      value: SpawnPoint (2)
      objectReference: {fileID: 0}
    - target: {fileID: 5211411905545021646, guid: 97106a43645510b4eb223c9b36bb201f,
        type: 3}
      propertyPath: m_Icon
      value: 
      objectReference: {fileID: 5132851093641282708, guid: 0000000000000000d000000000000000,
        type: 0}
    - target: {fileID: 4429677936003176187, guid: 97106a43645510b4eb223c9b36bb201f,
        type: 3}
      propertyPath: m_LocalPosition.x
      value: -13.683338
      objectReference: {fileID: 0}
    - target: {fileID: 4429677936003176187, guid: 97106a43645510b4eb223c9b36bb201f,
        type: 3}
      propertyPath: m_LocalPosition.y
      value: 7.2200747
      objectReference: {fileID: 0}
    - target: {fileID: 4429677936003176187, guid: 97106a43645510b4eb223c9b36bb201f,
        type: 3}
      propertyPath: m_LocalPosition.z
      value: 197.95851
      objectReference: {fileID: 0}
    - target: {fileID: 4429677936003176187, guid: 97106a43645510b4eb223c9b36bb201f,
        type: 3}
      propertyPath: m_LocalRotation.x
      value: -0
      objectReference: {fileID: 0}
    - target: {fileID: 4429677936003176187, guid: 97106a43645510b4eb223c9b36bb201f,
        type: 3}
      propertyPath: m_LocalRotation.y
      value: -0
      objectReference: {fileID: 0}
    - target: {fileID: 4429677936003176187, guid: 97106a43645510b4eb223c9b36bb201f,
        type: 3}
      propertyPath: m_LocalRotation.z
      value: -0
      objectReference: {fileID: 0}
    - target: {fileID: 4429677936003176187, guid: 97106a43645510b4eb223c9b36bb201f,
        type: 3}
      propertyPath: m_LocalRotation.w
      value: 1
      objectReference: {fileID: 0}
    - target: {fileID: 4429677936003176187, guid: 97106a43645510b4eb223c9b36bb201f,
        type: 3}
      propertyPath: m_RootOrder
      value: 5
      objectReference: {fileID: 0}
    - target: {fileID: 4429677936003176187, guid: 97106a43645510b4eb223c9b36bb201f,
        type: 3}
      propertyPath: m_LocalEulerAnglesHint.x
      value: 0
      objectReference: {fileID: 0}
    - target: {fileID: 4429677936003176187, guid: 97106a43645510b4eb223c9b36bb201f,
        type: 3}
      propertyPath: m_LocalEulerAnglesHint.y
      value: 0
      objectReference: {fileID: 0}
    - target: {fileID: 4429677936003176187, guid: 97106a43645510b4eb223c9b36bb201f,
        type: 3}
      propertyPath: m_LocalEulerAnglesHint.z
      value: 0
      objectReference: {fileID: 0}
    m_RemovedComponents: []
  m_SourcePrefab: {fileID: 100100000, guid: 97106a43645510b4eb223c9b36bb201f, type: 3}
--- !u!4 &3150156898846716467 stripped
Transform:
  m_CorrespondingSourceObject: {fileID: 4429677936003176187, guid: 97106a43645510b4eb223c9b36bb201f,
    type: 3}
  m_PrefabInstance: {fileID: 1643527575871153352}
  m_PrefabAsset: {fileID: 0}
--- !u!1001 &8560514874953288207
PrefabInstance:
  m_ObjectHideFlags: 0
  serializedVersion: 2
  m_Modification:
    m_TransformParent: {fileID: 1643527576020592224}
    m_Modifications:
    - target: {fileID: 5211411905545021646, guid: 97106a43645510b4eb223c9b36bb201f,
        type: 3}
      propertyPath: m_Name
      value: SpawnPoint
      objectReference: {fileID: 0}
    - target: {fileID: 5211411905545021646, guid: 97106a43645510b4eb223c9b36bb201f,
        type: 3}
      propertyPath: m_Icon
      value: 
      objectReference: {fileID: 5132851093641282708, guid: 0000000000000000d000000000000000,
        type: 0}
    - target: {fileID: 4429677936003176187, guid: 97106a43645510b4eb223c9b36bb201f,
        type: 3}
      propertyPath: m_LocalPosition.x
      value: 3.8866613
      objectReference: {fileID: 0}
    - target: {fileID: 4429677936003176187, guid: 97106a43645510b4eb223c9b36bb201f,
        type: 3}
      propertyPath: m_LocalPosition.y
      value: 8.690075
      objectReference: {fileID: 0}
    - target: {fileID: 4429677936003176187, guid: 97106a43645510b4eb223c9b36bb201f,
        type: 3}
      propertyPath: m_LocalPosition.z
      value: 197.95851
      objectReference: {fileID: 0}
    - target: {fileID: 4429677936003176187, guid: 97106a43645510b4eb223c9b36bb201f,
        type: 3}
      propertyPath: m_LocalRotation.x
      value: -0
      objectReference: {fileID: 0}
    - target: {fileID: 4429677936003176187, guid: 97106a43645510b4eb223c9b36bb201f,
        type: 3}
      propertyPath: m_LocalRotation.y
      value: -0
      objectReference: {fileID: 0}
    - target: {fileID: 4429677936003176187, guid: 97106a43645510b4eb223c9b36bb201f,
        type: 3}
      propertyPath: m_LocalRotation.z
      value: -0
      objectReference: {fileID: 0}
    - target: {fileID: 4429677936003176187, guid: 97106a43645510b4eb223c9b36bb201f,
        type: 3}
      propertyPath: m_LocalRotation.w
      value: 1
      objectReference: {fileID: 0}
    - target: {fileID: 4429677936003176187, guid: 97106a43645510b4eb223c9b36bb201f,
        type: 3}
      propertyPath: m_RootOrder
      value: 3
      objectReference: {fileID: 0}
    - target: {fileID: 4429677936003176187, guid: 97106a43645510b4eb223c9b36bb201f,
        type: 3}
      propertyPath: m_LocalEulerAnglesHint.x
      value: 0
      objectReference: {fileID: 0}
    - target: {fileID: 4429677936003176187, guid: 97106a43645510b4eb223c9b36bb201f,
        type: 3}
      propertyPath: m_LocalEulerAnglesHint.y
      value: 0
      objectReference: {fileID: 0}
    - target: {fileID: 4429677936003176187, guid: 97106a43645510b4eb223c9b36bb201f,
        type: 3}
      propertyPath: m_LocalEulerAnglesHint.z
      value: 0
      objectReference: {fileID: 0}
    m_RemovedComponents: []
  m_SourcePrefab: {fileID: 100100000, guid: 97106a43645510b4eb223c9b36bb201f, type: 3}
--- !u!4 &5455106481820212468 stripped
Transform:
  m_CorrespondingSourceObject: {fileID: 4429677936003176187, guid: 97106a43645510b4eb223c9b36bb201f,
    type: 3}
  m_PrefabInstance: {fileID: 8560514874953288207}
  m_PrefabAsset: {fileID: 0}
